@misc{precosat,
	Author = {A. Biere},
	Date-Added = {2010-03-19 14:24:31 +0100},
	Date-Modified = {2010-03-19 14:25:28 +0100},
	Howpublished = {\\ \url{http://fmv.jku.at/precosat/preicosat-sc09.pdf}},
	Title = {Preco{SAT} System Description},
	year = {2009}}
	
@inproceedings{glucose,
author = {Audemard, Gilles and Simon, Laurent},
title = {Predicting Learnt Clauses Quality in Modern SAT Solvers},
year = {2009},
publisher = {Morgan Kaufmann Publishers Inc.},
address = {San Francisco, CA, USA},
booktitle = {Proceedings of the 21st International Jont Conference on Artifical Intelligence},
pages = {399–404},
numpages = {6},
location = {Pasadena, California, USA},
series = {IJCAI’09}
}
  
@misc{riss5,
  title={Riss solver framework v5.05},
  author={Lucas Kahlert and Franziska Krüger and Norbert Manthey and Aaron Stephan},
  booktitle = {SAT-Race 2015},
  year      = {2015},
  }

@inproceedings{lcm-ijcai2017,
  author    = {Mao Luo, Chu-Min Li, Fan Xiao, Felip Manyà, Zhipeng Lü},
  title     = {An Effective Learnt Clause Minimization Approach for CDCL SAT Solvers},
  booktitle = {Proceedings of the Twenty-Sixth International Joint Conference on
               Artificial Intelligence, {IJCAI-17}},
  pages     = {703--711},
  year      = {2017},
  doi       = {10.24963/ijcai.2017/98},
  url       = {https://doi.org/10.24963/ijcai.2017/98},
}

@inproceedings{MapleLCMDistChronoBTDL,
  author    = {Stepan Kochemazov, Oleg Zaikin, Victor Kondratiev, and Alexander Semenov},
  year      = {2019},
  title     = {MapleLCMDistChronoBT-DL, duplicate learnts heuristic-aided solvers at the SAT Race 2019},
  }

@phdthesis{M2014,
  author = {Norbert Manthey},
  title  = {Towards Next Generation Sequential and Parallel {SAT} Solvers},
  school = {TU Dresden},
  year   = {2014}
}

@inproceedings{DBLP:conf/lion/HoosKSS13,
   author = {Hoos, Holger H. and Kaufmann, Benjamin and Schaub, Torsten and Schneider, Marius},
   title = {Robust Benchmark Set Selection for Boolean Constraint Solvers},
   booktitle = {{LION}},
   series = {Lecture Notes in Computer Science},
   volume = {7997},
   pages = {138--152},
   publisher = {Springer},
   year = {2013}
 }

@inproceedings{EenB:2005,
  norbert   = {Een:2005:EPS:2129929.2129935},
  author    = {Niklas E{\'e}n and Armin Biere},
  title     = {Effective Preprocessing in {SAT} Through Variable and Clause Elimination},
  pages     = {61--75},
  crossref  = {Proceedings:SAT:2005}
}

@proceedings{Proceedings:SAT:2005,
  editor    = {Fahiem Bacchus and Toby Walsh},
  booktitle     = SAT2005,
  publisher = {Springer},
  address = {Heidelberg},
  series    = LNCS,
  volume    = {3569},
  year      = {2005},
}

@inproceedings{cbmc,
  author    = {Clarke, Edmund and Kroening, Daniel and Lerda, Flavio},
  title     = {A Tool for Checking {ANSI-C} Programs},
  booktitle = {Tools and Algorithms for the Construction and Analysis of Systems (TACAS 2004)},
  year      = {2004},
  publisher = {Springer},
  pages     = {168--176},
  series    = {Lecture Notes in Computer Science},
  volume    = {2988},
  editor    = {Kurt Jensen and Andreas Podelski},
}
